@online{zimmermann,
        title={Reversing Nearness},
        url={http://azspcs.com/Contest/Nearness},
        journal={Al Zimmermann's Programming Contests},
        author={Zimmermann, Al},
        urldate={2020-02-25}
}
@online{wiki_toroid,
        author  = "Yassine Mrabet",
        title   = "A simple Torus",
        year    = "2007",
        urldate={2020-02-25},
        url     = {https://upload.wikimedia.org/wikipedia/commons/c/c6/Simple_Torus.svg},
        addendum = {\href{https://creativecommons.org/licenses/by-sa/3.0/legalcode}{License: Creative Commons BY-SA}}
}

@article{sinkhorn1967concerning,
  title={Concerning nonnegative matrices and doubly stochastic matrices},
  author={Sinkhorn, Richard and Knopp, Paul},
  journal={Pacific Journal of Mathematics},
  volume={21},
  number={2},
  pages={343--348},
  year={1967},
  publisher={Mathematical Sciences Publishers}
}

